<record><leader>00000cas a22000007a 4500</leader><controlfield tag="001">19381239</controlfield><controlfield tag="008">890317d19671972mduwr ne      0    0eng d</controlfield><datafield ind1=" " ind2=" " tag="010"><subfield code="a">sn 88065758 </subfield></datafield><datafield ind1=" " ind2=" " tag="040"><subfield code="a">MFN</subfield><subfield code="b">eng</subfield><subfield code="c">MFN</subfield><subfield code="d">OCLCQ</subfield></datafield><datafield ind1=" " ind2=" " tag="042"><subfield code="a">msc</subfield></datafield><datafield ind1=" " ind2="4" tag="050"><subfield code="a">AN41.641.D3</subfield><subfield code="b">C6</subfield></datafield><datafield ind1="0" ind2=" " tag="130"><subfield code="a">Damascus courier (Rockville, Md.)</subfield></datafield><datafield ind1="1" ind2="4" tag="245"><subfield code="a">The Damascus courier.</subfield></datafield><datafield ind1="3" ind2="0" tag="246"><subfield code="a">Courier</subfield></datafield><datafield ind1=" " ind2=" " tag="260"><subfield code="a">Rockville, Md. :</subfield><subfield code="b">Courier Pub. Co.</subfield></datafield><datafield ind1=" " ind2=" " tag="300"><subfield code="a">v.</subfield></datafield><datafield ind1=" " ind2=" " tag="310"><subfield code="a">Weekly</subfield></datafield><datafield ind1=" " ind2=" " tag="321"><subfield code="a">Frequency varies</subfield></datafield><datafield ind1="1" ind2=" " tag="362"><subfield code="a">Began in June 1967?</subfield></datafield><datafield ind1="0" ind2=" " tag="362"><subfield code="a">-v. 9, no. 7 (Nov. 30, 1972).</subfield></datafield><datafield ind1=" " ind2=" " tag="500"><subfield code="a">Published in Rockville and Gaithersburg, Md., &lt;Mar. 1968&gt;- ; in Damascus and Olney, Md., &lt;Nov. 1972&gt;.</subfield></datafield><datafield ind1=" " ind2=" " tag="500"><subfield code="a">Published as: The courier, &lt;Aug. 29, 1968&gt;, &lt;Mar. 11-June 17, 1971&gt; and &lt;July 6, 1972&gt;.</subfield></datafield><datafield ind1=" " ind2=" " tag="588"><subfield code="a">Description based on: 3rd year, issue no. 21 [i.e. 11] (July 28, 1967).</subfield></datafield><datafield ind1=" " ind2=" " tag="752"><subfield code="a">United States</subfield><subfield code="b">Maryland</subfield><subfield code="c">Montgomery</subfield><subfield code="d">Damascus.</subfield></datafield><datafield ind1=" " ind2=" " tag="752"><subfield code="a">United States</subfield><subfield code="b">Maryland</subfield><subfield code="c">Montgomery</subfield><subfield code="d">Rockville.</subfield></datafield><datafield ind1=" " ind2=" " tag="752"><subfield code="a">United States</subfield><subfield code="b">Maryland</subfield><subfield code="c">Montgomery</subfield><subfield code="d">Gaithersburg.</subfield></datafield><datafield ind1=" " ind2=" " tag="752"><subfield code="a">United States</subfield><subfield code="b">Maryland</subfield><subfield code="c">Montgomery</subfield><subfield code="d">Olney.</subfield></datafield><datafield ind1="0" ind2="1" tag="780"><subfield code="t">Courier (Damascus, Md.)</subfield><subfield code="w">(DLC)sn 88065936</subfield></datafield><datafield ind1="0" ind2="5" tag="780"><subfield code="t">County courier (Rockville, Md.)</subfield><subfield code="w">(DLC)sn 88065757</subfield></datafield><datafield ind1="0" ind2="0" tag="785"><subfield code="t">County courier (Damascus, Md.)</subfield><subfield code="w">(DLC)sn 80001301</subfield></datafield><datafield ind1="1" ind2=" " tag="029"><subfield code="a">AU@</subfield><subfield code="b">000025827293</subfield></datafield></record>